


@misc{RealESSI2016Spring,
  title = {Choose your AWS region wisely},
  author = {Concurrency Labs},
  howpublished = {\url{https://www.concurrencylabs.com/blog/choose-your-aws-region-wisely/}},
  note = {Accessed: 2017-11-24}
}
